@article{shaffer1992position,
  title={Position estimator for underground mine equipment},
  author={Shaffer, Gary K and Stentz, Anthony and Whittaker, William L and Fitzpatrick, Kerien W},
  journal={IEEE Transactions on Industry Applications},
  volume={28},
  number={5},
  pages={1131--1140},
  year={1992},
  publisher={IEEE}
}
@inproceedings{wodecki2018review,
  title={Review of smoothing methods for enhancement of noisy data from heavy-duty LHD mining machines},
  author={Wodecki, Jacek and Michalak, Anna and Stefaniak, Pawe{\l}},
  booktitle={E3S Web of Conferences},
  volume={29},
  pages={00011},
  year={2018},
  organization={EDP Sciences}
}
@article{hol2007robust,
  title={Robust real-time tracking by fusing measurements from inertial and vision sensors},
  author={Hol, Jeroen D and Sch{\"o}n, Thomas B and Luinge, Henk and Slycke, Per J and Gustafsson, Fredrik},
  journal={Journal of Real-Time Image Processing},
  volume={2},
  number={2-3},
  pages={149--160},
  year={2007},
  publisher={Springer}
}
@article{sabatini2011estimating,
  title={Estimating three-dimensional orientation of human body parts by inertial/magnetic sensing},
  author={Sabatini, Angelo Maria},
  journal={Sensors},
  volume={11},
  number={2},
  pages={1489--1525},
  year={2011},
  publisher={Molecular Diversity Preservation International}
}
@article{aggarwal2011human,
 author = {Aggarwal, J.K. and Ryoo, M.S.},
 title = {Human Activity Analysis: A Review},
 journal = {ACM Comput. Surv.},
 issue_date = {April 2011},
 volume = {43},
 number = {3},
 month = apr,
 year = {2011},
 issn = {0360-0300},
 pages = {16:1--16:43},
 articleno = {16},
 numpages = {43},
 url = {http://doi.acm.org/10.1145/1922649.1922653},
 doi = {10.1145/1922649.1922653},
 acmid = {1922653},
 publisher = {ACM},
 address = {New York, NY, USA},
 keywords = {Computer vision, activity analysis, event detection, human activity recognition, video recognition},
} 
@article{marmion2006airborne,
  title={Airborne attitude estimation using a Kalman filter},
  author={Marmion, Mathieu},
  journal={Longyearbyen, Norway, The University Centre of Svalbard},
  pages={1--85},
  year={2006}
}
@article{dosinas2006measurement,
  title={Measurement of human physiological parameters in the systems of active clothing and wearable technologies},
  author={Dosinas, A and Vaitk{\=u}nas, M and Daunoras, J},
  journal={Elektronika ir Elektrotechnika},
  volume={71},
  number={7},
  pages={77--82},
  year={2006}
}
@inproceedings{paiyarom2009activity,
  title={Activity monitoring system using dynamic time warping for the elderly and disabled people},
  author={Paiyarom, Sasiwan and Tungamchit, Poj and Keinprasit, Rachaporn and Kayasith, Prakasith},
  booktitle={Computer, Control and Communication, 2009. IC4 2009. 2nd International Conference on},
  pages={1--4},
  year={2009},
  organization={IEEE}
}
@article{pantelopoulos2010survey,
  title={A survey on wearable sensor-based systems for health monitoring and prognosis},
  author={Pantelopoulos, Alexandros and Bourbakis, Nikolaos G},
  journal={IEEE Transactions on Systems, Man, and Cybernetics, Part C (Applications and Reviews)},
  volume={40},
  number={1},
  pages={1--12},
  year={2010},
  publisher={IEEE}
}
@article{bascomptadetermination,
  title={Determination of the Environmental Conditions in an Underground Mine},
  author={Bascompta, Marc and Sanmiquel, Llu{\'\i}s},
  month = {07},
  journal={Proceedings of the $2^{nd}$ International Conference on Mining, Material and Metallurgical Engineering (MCM 2015)},
  number={342},
  year = {2015}
}
@article{ryan2017heat,
  title={Heat stress management in underground mines},
  author={Ryan, Anderson and others},
  journal={International Journal of Mining Science and Technology},
  volume={27},
  number={4},
  pages={651--655},
  year={2017},
  publisher={Elsevier}
}
@book{hartman2012mine,
  title={Mine ventilation and air conditioning},
  author={Hartman, Howard L and Mutmansky, Jan M and Ramani, Raja V and Wang, YJ},
  year={2012},
  publisher={John Wiley \& Sons}
}